<record><leader>00000cas a22000007a 4500</leader><controlfield tag="001">26888598</controlfield><controlfield tag="008">921030d18811882ncuwr ne      0    0eng d</controlfield><datafield ind1=" " ind2=" " tag="010"><subfield code="a">sn 92073209 </subfield></datafield><datafield ind1=" " ind2=" " tag="040"><subfield code="a">NVJ</subfield><subfield code="b">eng</subfield><subfield code="c">NVJ</subfield><subfield code="d">OCLCQ</subfield></datafield><datafield ind1=" " ind2=" " tag="042"><subfield code="a">msc</subfield></datafield><datafield ind1="0" ind2="4" tag="245"><subfield code="a">The Roxboro herald.</subfield></datafield><datafield ind1=" " ind2=" " tag="260"><subfield code="a">Roxboro, N.C. :</subfield><subfield code="b">Hunter &amp; Gibbons</subfield></datafield><datafield ind1=" " ind2=" " tag="300"><subfield code="a">v.</subfield></datafield><datafield ind1=" " ind2=" " tag="310"><subfield code="a">Weekly</subfield></datafield><datafield ind1="1" ind2=" " tag="362"><subfield code="a">Began in Mar. 1881; ceased in 1882.</subfield></datafield><datafield ind1=" " ind2=" " tag="588"><subfield code="a">Description based on: Vol. 1, no. 9 (May 5, 1881).</subfield></datafield><datafield ind1=" " ind2=" " tag="752"><subfield code="a">United States</subfield><subfield code="b">North Carolina</subfield><subfield code="c">Person</subfield><subfield code="d">Roxboro.</subfield></datafield><datafield ind1="0" ind2="0" tag="785"><subfield code="t">Person County news</subfield><subfield code="w">(DLC)sn 92073210</subfield></datafield></record>